@book{ bailly2003,
    author = {Jacques A. Bailly},
    title = {Plato's {E}uthyphro \& {C}litophon},
    year = 2003,
    publisher = {Focus Publishing},
    address = {Newburyport, Massachusetts}
}

@book{ brickhouse2004,
    author = {Thomas C. Brickhouse and Nicholas D. Smith},
    title = {Plato and the {T}rial of {S}ocrates},
    year = 2004,
    publisher = {Routledge},
    address = {New York}
}

@book{ burnet1924,
    author = {John Burnet},
    title = {Plato {E}uthyphro, {A}pology of {S}ocrates, {C}rito},
    year = 1924,
    publisher = {Oxford Clarendon Press},
    address = {Oxford}
}

@article{ cohen1971,
    author = {S. Marc Cohen},
    title = {Socrates on the {D}efinition of {P}iety: \emph{Euthyphro}
        10A-11B},
    journal = {Journal of the History of Ideas},
    year = 1971,
    volume = {9},
    pages = {1--13}
}

@article{ geach1966,
    author = {P. T. Geach},
    title = {Plato's {E}uthyphro: {A}n {A}nalysis and {C}ommentary},
    journal = {The Monist},
    year = 1966,
    volume = 50,
    number = 3,
    pages = {369--382}
}

@book{ irwin1989,
    author = {Terence Irwin},
    title = {Classical {T}hought},
    year = 1989,
    publisher = {Oxford Paperbacks},
    address = {Oxford}
}

@incollection{ mcpherran1992,
    author = {Mark L. Mc{P}herran},
    title = {Socratic {P}iety in the \emph{{E}uthyphro}},
    booktitle = {Essays on the {P}hilosophy of {S}ocrates},
    pages = {220--241},
    crossref = {benson1992}
}

@article{ nehamas1975,
    author = {Alexander Nehamas},
    title = {Confusing {U}niversals and {P}articulars in {P}lato's {E}arly {D}ialogues},
    journal = {The Review of Metaphysics},
    year = 1975,
    volume = 29,
    number = 2,
    pages = {287--306}
}

@book{ benson1992,
    editor = {Hugh H. Benson},
    title = {Essays on the {P}hilosophy of {S}ocrates},
    publisher = {Oxford University Press},
    year = 1992,
    address = {Oxford}
}
